%% This is just an excerpt of the original file

%% ---------------------------------------------------------------
%% biblatex-phys --- A biblatex implementation of the AIP and APS
%%   bibliography style
%% Maintained by Joseph Wright
%% E-mail: joseph.wright at morningstar2.co.uk
%% Released under the LaTeX Project Public License v1.3c or later
%% See http://www.latex-project.org/lppl.txt
%% ---------------------------------------------------------------
%%

@Report{gap,
  hyphenation = {british},
  author      = {S.W.S. McKeever},
  title       = {Thermoluminescence of Solids. Cambridge Solid State Science
Series.},
  institution = {Cambridge University Press},
  location    = {Cambridge},
  year        = {1988}
}
@Report{TL-DOS,
  hyphenation = {british},
  author      = {J. Walbersloh und F. Busch},
  title       = {ATHIN-LAYER LIF THERMOLUMINESCENCE DOSEMETER
SYSTEM WITH FAST READOUT FORTHE USE IN PERSONAL
DOSIMETRY SERVICES},
  institution = {Materialpruefungsamt Nordrhein-Westfalen},
  location    = {Dortmund},
  year        = {2015}
}

@article{sklearn,
 title={Scikit-learn: Machine Learning in {P}ython},
 author={Pedregosa, F. and Varoquaux, G. and Gramfort, A. and Michel, V.
         and Thirion, B. and Grisel, O. and Blondel, M. and Prettenhofer, P.
         and Weiss, R. and Dubourg, V. and Vanderplas, J. and Passos, A. and
         Cournapeau, D. and Brucher, M. and Perrot, M. and Duchesnay, E.},
 journal={Journal of Machine Learning Research},
 volume={12},
 pages={2825--2830},
 year={2011}
}


%%
%% Copyright (C) 2012,2013 by
%%   Joseph Wright <joseph.wright at morningstar2.co.uk>
%%
%% It may be distributed and/or modified under the conditions of
%% the LaTeX Project Public License (LPPL), either version 1.3c of
%% this license or (at your option) any later version.  The latest
%% version of this license is in the file:
%%
%%    http://www.latex-project.org/lppl.txt
%%
%% This work is "maintained" (as per LPPL maintenance status) by
%%   Joseph Wright.
%%
%% This work consists of the files biblatex-phys.bib,
%%                                 biblatex-phys.tex,
%%                                 phys.bbx and
%%                                 phys.cbx,
%%           and the derived file  biblatex-phys.pdf.
%%
%%
%% End of file `biblatex-phys.bbx'.
